<?xml version="1.0" encoding="UTF-8"?><collection xmlns="http://www.loc.gov/MARC21/slim"><record><leader>00529nam--2200193-i-4500</leader><controlfield tag="001">000047057</controlfield><controlfield tag="002">20161230</controlfield><controlfield tag="005">20161230201046</controlfield><controlfield tag="008">060222s1000------------r-----000-0-rum-d</controlfield><datafield ind1=" " ind2=" " tag="040"><subfield code="a">IFIN-HH</subfield></datafield><datafield ind1=" " ind2=" " tag="041"><subfield code="a">rum</subfield></datafield><datafield ind1=" " ind2=" " tag="080"><subfield code="a">512.5</subfield></datafield><datafield ind1="1" ind2=" " tag="100"><subfield code="a">Popescu, Dorin</subfield></datafield><datafield ind1="1" ind2="0" tag="245"><subfield code="a">Elemente de teoria grupurilor finite</subfield><subfield code="c">Dorin popescu, constantin vraciu</subfield></datafield><datafield ind1=" " ind2=" " tag="260"><subfield code="a">Bucuresti</subfield><subfield code="b">Editura Stiintifica Si Enciclopedica</subfield><subfield code="c">1986</subfield></datafield><datafield ind1=" " ind2=" " tag="300"><subfield code="a">304 P</subfield></datafield><datafield ind1="1" ind2=" " tag="700"><subfield code="a">Vraciu, Constantin</subfield></datafield><datafield ind1=" " ind2=" " tag="852"><subfield code="a">73060</subfield><subfield code="c">519.4/5</subfield></datafield><datafield ind1=" " ind2=" " tag="CAT"><subfield code="a">Sys</subfield><subfield code="c">20130814</subfield><subfield code="h">180904</subfield></datafield></record></collection>